<record><leader>00000cas a22000007a 4500</leader><controlfield tag="001">31348707</controlfield><controlfield tag="008">941024d18971898cauzn ne      0    0eng d</controlfield><datafield ind1=" " ind2=" " tag="010"><subfield code="a">sn 94051726 </subfield></datafield><datafield ind1=" " ind2=" " tag="040"><subfield code="a">CNK</subfield><subfield code="b">eng</subfield><subfield code="c">CNK</subfield><subfield code="d">OCLCQ</subfield><subfield code="d">OCLCF</subfield><subfield code="d">OCLCO</subfield></datafield><datafield ind1="1" ind2=" " tag="029"><subfield code="a">AU@</subfield><subfield code="b">000011357809</subfield></datafield><datafield ind1=" " ind2=" " tag="042"><subfield code="a">msc</subfield></datafield><datafield ind1=" " ind2=" " tag="043"><subfield code="a">n-us-ca</subfield></datafield><datafield ind1="0" ind2="0" tag="245"><subfield code="a">Redlands daily record.</subfield></datafield><datafield ind1=" " ind2=" " tag="260"><subfield code="a">Redlands, Cal. :</subfield><subfield code="b">J.A. Whitmore</subfield></datafield><datafield ind1=" " ind2=" " tag="300"><subfield code="a">v.</subfield></datafield><datafield ind1=" " ind2=" " tag="310"><subfield code="a">Six times a week</subfield></datafield><datafield ind1=" " ind2=" " tag="321"><subfield code="a">Daily (except Mon.)</subfield></datafield><datafield ind1="0" ind2=" " tag="362"><subfield code="a">Vol. 1, no. 1 (Dec. 7, 1897)-v. 1, no. 210 (Aug. 13, 1898).</subfield></datafield><datafield ind1=" " ind2=" " tag="500"><subfield code="a">Published two editions on Saturday.</subfield></datafield><datafield ind1=" " ind2="0" tag="651"><subfield code="a">Redlands (Calif.)</subfield><subfield code="v">Newspapers.</subfield></datafield><datafield ind1=" " ind2="7" tag="655"><subfield code="a">Newspapers.</subfield><subfield code="2">fast</subfield><subfield code="0">(OCoLC)fst01423814</subfield></datafield><datafield ind1=" " ind2="7" tag="651"><subfield code="a">California</subfield><subfield code="z">Redlands.</subfield><subfield code="2">fast</subfield><subfield code="0">(OCoLC)fst01202804</subfield></datafield><datafield ind1=" " ind2=" " tag="752"><subfield code="a">United States</subfield><subfield code="b">California</subfield><subfield code="c">San Bernardino</subfield><subfield code="d">Redlands.</subfield></datafield><datafield ind1="0" ind2="0" tag="785"><subfield code="t">Redlands record</subfield><subfield code="w">(DLC)sn 94051731</subfield></datafield></record>